@INPROCEEDINGS{Gpt-2_text,
  author={Qu, Yuanbin and Liu, Peihan and Song, Wei and Liu, Lizhen and Cheng, Miaomiao},
  booktitle={2020 IEEE 10th International Conference on Electronics Information and Emergency Communication (ICEIEC)},
  title={A Text Generation and Prediction System: Pre-training on New Corpora Using BERT and GPT-2},
  year={2020},
  volume={},
  number={},
  pages={323-326},
  doi={10.1109/ICEIEC49280.2020.9152352}}

@INPROCEEDINGS{emotion,
  author={Casas, Jacky and Torche, Samuel and Daher, Karl and Mugellini, Elena and Khaled, Omar Abou},
  booktitle={2021 9th International Conference on Affective Computing and Intelligent Interaction Workshops and Demos (ACIIW)},
  title={Emotional Paraphrasing Using Pre-trained Language Models},
  year={2021},
  volume={},
  number={},
  pages={01-07},
  doi={10.1109/ACIIW52867.2021.9666309}}
@INPROCEEDINGS{por,
  author={Schneider, Elisa Terumi Rubel and de Souza, Jo√£o Vitor Andrioli and Gumiel, Yohan Bonescki and Moro, Claudia and Paraiso, Emerson Cabrera},
  booktitle={2021 IEEE 34th International Symposium on Computer-Based Medical Systems (CBMS)},
  title={A GPT-2 Language Model for Biomedical Texts in Portuguese},
  year={2021},
  volume={},
  number={},
  pages={474-479},
  doi={10.1109/CBMS52027.2021.00056}}
@inproceedings{attention,
 author = {Vaswani, Ashish and Shazeer, Noam and Parmar, Niki and Uszkoreit, Jakob and Jones, Llion and Gomez, Aidan N and Kaiser, \L ukasz and Polosukhin, Illia},
 booktitle = {Advances in Neural Information Processing Systems},
 editor = {I. Guyon and U. Von Luxburg and S. Bengio and H. Wallach and R. Fergus and S. Vishwanathan and R. Garnett},
 pages = {},
 publisher = {Curran Associates, Inc.},
 title = {Attention is All you Need},
 url = {https://proceedings.neurips.cc/paper_files/paper/2017/file/3f5ee243547dee91fbd053c1c4a845aa-Paper.pdf},
 volume = {30},
 year = {2017}}
